@manual{oetiket2007lshort,
    author = {Oetiket, T. and Partl, H. and Hyna and Schlegl, E.},
    title = {The not-so-short introduction to Latex},
    url = {http://www.ctan.org/tex-archive/info/lshort/english/lshort.pdf}
}

@Manual{downes2002shortams,
  title = 	 {{Short Math Guide for \LaTeX{}}},
  author = 	 {Downes,, Michael},
  organization = {American Mathematical Society},
  year = 	 {2002},
  url = 	 {ftp://ftp.ams.org/pub/tex/doc/amsmath/short-math-guide.pdf}
}

@Book{ungar2002uvod,
  author = 	 {Šime Ungar},
  title = 	 {{Uvod u \TeX{} s naglaskom na \LaTeX 2$\epsilon$}},
  publisher = 	 {Odjel za matematiku, Sveučilište J.J.\ Strossmayera u Osijeku},
  year = 	 {2002}
}

@Article{uho,
author = 	 {Ashutosh Kacker, Daphne Pierce-Smith, Ronald Karlin},
  title = 	 {Anatomy and Physiology of the Ear},
  year = 	 {2019}
}


@Book{dog,
author = {Davor Petrinović},
title = {Digitalna obradba govora},
year = {2010}

}

@Book{optimala,
author = {Mladen Heđever},
title = {Govorna akustika},
year = {2012}

}

@Article{slusanje,
author = {Nataša Desnica - Žerjavić},
title = {Slušanje glasova na koninuiranim i diskontinuiranim frekvencijskim područjima},
year = {1987},

}

@Manual{cortexm4,
  title = 	 {ARM® Cortex®-M for Beginners},
  organization = {ARM},
  year = 	 {2016},
  }
