
@manual{oetiket2007lshort,
    author = {Oetiket, T. and Partl, H. and Hyna and Schlegl, E.},
    title = {The not-so-short introduction to Latex},
    url = {http://www.ctan.org/tex-archive/info/lshort/english/lshort.pdf}
}



@Book{ungar2002uvod,
  author = 	 {Šime Ungar},
  title = 	 {{Uvod u \TeX{} s naglaskom na \LaTeX 2$\epsilon$}},
  publisher = 	 {Odjel za matematiku, Sveučilište J.J.\ Strossmayera u Osijeku},
  year = 	 {2002}
}

@Article{uho,
author = 	 {Ashutosh Kacker, Daphne Pierce-Smith, Ronald Karlin},
  title = 	 {Anatomy and Physiology of the Ear},
  year = 	 {2019}
}


@Book{dog,
author = {Davor Petrinović},
title = {Digitalna obradba govora},
year = {2010}

}

@Book{optimala,
author = {Mladen Heđever},
title = {Govorna akustika},
year = {2012}

}

@Article{slusanje,
author = {Nataša Desnica - Žerjavić},
title = {Slušanje glasova na koninuiranim i diskontinuiranim frekvencijskim područjima},
year = {1987},

}

@Manual{cortexm4,
  title = 	 {ARM® Cortex®-M for Beginners},
  organization = {ARM},
  year = 	 {2016},
  }
  
  @Manual{ansi2004,
  title = {ANSI S1.11: Specification for Octave, Half-Octave, and Third Octave Band Filter Sets},
  author = {Acoustical society of America},
  year = {2004},
  }
  
  @Manual{mic,
title = {MP34DT06J datasheet},

}

@Article{fbdha,
author = {Yu-Ting Kuo Tay-Jyi Lin Yueh-Tai Li Chih-Wei Liu},
title = {Design and implementation of low-power ANSI S1.11 Filter bank for figital hearing aids},
journal = {IEEE transactions on circuits and systems},
year = {2010},

}

@Article{filtering,
author = {Martin Vetterli},
title = {Running FIR and IIR Filtering Using Multirate Filter
Banks},
journal = {IEEE transactions on ACOUSTICS, SPEECH, AND SIGNAL PROCESSING},
year = {1988},

}
  
